<record><leader>00000cas a2200000 a 4500</leader><controlfield tag="001">17341981</controlfield><controlfield tag="008">880113d18851886waudn ne      0    0eng d</controlfield><datafield ind1=" " ind2=" " tag="010"><subfield code="a">sn 88085177 </subfield></datafield><datafield ind1=" " ind2=" " tag="040"><subfield code="a">SLZ</subfield><subfield code="b">eng</subfield><subfield code="c">SLZ</subfield><subfield code="d">OCL</subfield><subfield code="d">OCLCQ</subfield><subfield code="d">OCLCF</subfield><subfield code="d">OCLCO</subfield></datafield><datafield ind1="1" ind2=" " tag="029"><subfield code="a">AU@</subfield><subfield code="b">000025811778</subfield></datafield><datafield ind1=" " ind2=" " tag="042"><subfield code="a">msc</subfield></datafield><datafield ind1=" " ind2=" " tag="043"><subfield code="a">n-us-wa</subfield></datafield><datafield ind1="0" ind2=" " tag="130"><subfield code="a">Tacoma daily news (Tacoma, Wash. : 1885)</subfield></datafield><datafield ind1="1" ind2="0" tag="245"><subfield code="a">Tacoma daily news.</subfield></datafield><datafield ind1=" " ind2=" " tag="260"><subfield code="a">Tacoma, W.T. [Wash.] :</subfield><subfield code="b">G.R. Epperson &amp; Co.</subfield></datafield><datafield ind1=" " ind2=" " tag="300"><subfield code="a">v.</subfield></datafield><datafield ind1=" " ind2=" " tag="310"><subfield code="a">Daily (except Sunday)</subfield></datafield><datafield ind1="0" ind2=" " tag="362"><subfield code="a">Vol. 4, no. 137 (Sept. 3, 1885)-v. 5, no. 130 (Feb. 27, 1886).</subfield></datafield><datafield ind1=" " ind2="0" tag="651"><subfield code="a">Tacoma (Wash.)</subfield><subfield code="v">Newspapers.</subfield></datafield><datafield ind1=" " ind2="7" tag="655"><subfield code="a">Newspapers.</subfield><subfield code="2">fast</subfield><subfield code="0">(OCoLC)fst01423814</subfield></datafield><datafield ind1=" " ind2="7" tag="651"><subfield code="a">Washington (State)</subfield><subfield code="z">Tacoma.</subfield><subfield code="2">fast</subfield><subfield code="0">(OCoLC)fst01205636</subfield></datafield><datafield ind1=" " ind2=" " tag="752"><subfield code="a">United States</subfield><subfield code="b">Washington</subfield><subfield code="c">Pierce</subfield><subfield code="d">Tacoma.</subfield></datafield><datafield ind1="0" ind2="0" tag="780"><subfield code="t">Daily Tacoma news</subfield><subfield code="w">(DLC)sn 88085176</subfield></datafield><datafield ind1="0" ind2="0" tag="785"><subfield code="t">Tacoma news (Tacoma, Wash. : 1886)</subfield><subfield code="w">(DLC)sn 88085178</subfield></datafield></record>